@article{ali2005quantization,
  title={Quantization methods: a guide for physicists and analysts},
  author={Ali, S Twareque and Engli{\v{s}}, Miroslav},
  journal={Reviews in Mathematical Physics},
  volume={17},
  number={04},
  pages={391--490},
  year={2005},
  publisher={World Scientific}
}
